@article{lodhi,
    author =       "Huma Lodhi et al.",
    title =        "{Text classification using string kernels}",
    journal =      "The Journal of Machine Learning Research",
    year =         "2002",
    DOI =          "https://doi.org/10.1162/153244302760200687"
}

@article{graph,
    author       = "{S.V.N. Vishwanathan et al.}",
    title        = "Graph kernels",
    journal      = "The Journal of Machine Learning Research",
    year         = "2010",
    url          = "{http://arxiv.org/abs/0807.0093}",
}

@misc{knuthwebsite,
    author    = "Donald Knuth",
    title     = "Knuth: Computers and Typesetting",
    url       = "http://www-cs-faculty.stanford.edu/\~{}uno/abcde.html"
}

@misc{mnistwebsite,
    author            = "Yann LeCun",
    title             = "The {MNIST Database}",
    howpublished      = "\url{http://yann.lecun.com/exdb/mnist/}"
}

@misc{rudineuclideanproof,
    author            = "Walter Rudin",
    title             = "{Principles of Mathematical Analysis}",
    howpublished      = "\url{https://proofwiki.org/wiki/Euclidean_Space_is_Complete_Metric_Space}"
}

@misc{useofcompleteness,
    title             = "{Math StackExchange: The role of completeness in Hilbert spaces}",
    howpublished      = "\url{https://mathoverflow.net/a/35846}"
}